<?xml version="1.0" encoding="UTF-8"?>
<PLZ:Polizas xmlns:PLZ="www.sat.gob.mx/esquemas/ContabilidadE/1_1/PolizasPeriodo"
 xmlns:contelec_td="www.sat.gob.mx/esquemas/ContabilidadE/1_1/CatalogosParaEsqContE"
 xmlns:xsi="http://www.w3.org/2001/XMLSchema-instance"
 xsi:schemaLocation="www.sat.gob.mx/esquemas/ContabilidadE/1_1/PolizasPeriodo" Version="1.1" RFC="&amp;&amp;&amp;000000000" Mes="01" Anio="2057" TipoSolicitud="AF" NumOrden="AAA0000000/00"
     NumTramite="0000000000" Sello="Sello0" noCertificado="noCertificado1111111" Certificado="Certificado0">
    <PLZ:Poliza NumUnIdenPol="NumUnIdenPol0" Fecha="2006-05-04" Concepto="Concepto0">
        <PLZ:Transaccion NumCta="NumCta0" DesCta="DesCta0" Concepto="Concepto1" Debe="-1073741773.00" Haber="-1073741773.00">
            <PLZ:CompNal UUID_CFDI="00000000-0000-0000-0000-000000000000" RFC="&amp;&amp;&amp;000000000" MontoTotal="-1073741773.00"
                 Moneda="AED" TipCamb="50.00000"/>
            <PLZ:CompNal UUID_CFDI="00000000-0000-0000-0000-000000000000" RFC="&amp;&amp;&amp;000000000" MontoTotal="-1073741773.00"
                 Moneda="AED" TipCamb="50.00000"/>
            <PLZ:CompNalOtr CFD_CBB_Serie="A" CFD_CBB_NumFol="50" RFC="&amp;&amp;&amp;000000000" MontoTotal="-1073741773.00" Moneda="AED"
                 TipCamb="50.00000"/>
            <PLZ:CompNalOtr CFD_CBB_Serie="A" CFD_CBB_NumFol="50" RFC="&amp;&amp;&amp;000000000" MontoTotal="-1073741773.00" Moneda="AED"
                 TipCamb="50.00000"/>
            <PLZ:CompExt NumFactExt="NumFactExt0" TaxID="TaxID0" MontoTotal="-1073741773.00" Moneda="AED" TipCamb="50.00000"/>
            <PLZ:CompExt NumFactExt="NumFactExt1" TaxID="TaxID1" MontoTotal="-1073741773.00" Moneda="AED" TipCamb="50.00000"/>
            <PLZ:Cheque Num="Num0" BanEmisNal="002" BanEmisExt="BanEmisExt0" CtaOri="CtaOri0" Fecha="2006-05-04" Benef="Benef0"
                 RFC="&amp;&amp;&amp;000000000" Monto="-1073741773.00" Moneda="AED" TipCamb="50.00000"/>
            <PLZ:Cheque Num="Num1" BanEmisNal="002" BanEmisExt="BanEmisExt1" CtaOri="CtaOri1" Fecha="2006-05-04" Benef="Benef1"
                 RFC="&amp;&amp;&amp;000000000" Monto="-1073741773.00" Moneda="AED" TipCamb="50.00000"/>
            <PLZ:Transferencia CtaOri="CtaOri2" BancoOriNal="002" BancoOriExt="BancoOriExt0" CtaDest="CtaDest0" BancoDestNal="002"
                 BancoDestExt="BancoDestExt0" Fecha="2006-05-04" Benef="Benef2" RFC="&amp;&amp;&amp;000000000"
                 Monto="-1073741773.00" Moneda="AED" TipCamb="50.00000"/>
            <PLZ:Transferencia CtaOri="CtaOri3" BancoOriNal="002" BancoOriExt="BancoOriExt1" CtaDest="CtaDest1" BancoDestNal="002"
                 BancoDestExt="BancoDestExt1" Fecha="2006-05-04" Benef="Benef3" RFC="&amp;&amp;&amp;000000000"
                 Monto="-1073741773.00" Moneda="AED" TipCamb="50.00000"/>
            <PLZ:OtrMetodoPago MetPagoPol="01" Fecha="2006-05-04" Benef="Benef4" RFC="&amp;&amp;&amp;000000000" Monto="-1073741773.00"
                 Moneda="AED" TipCamb="50.00000"/>
            <PLZ:OtrMetodoPago MetPagoPol="01" Fecha="2006-05-04" Benef="Benef5" RFC="&amp;&amp;&amp;000000000" Monto="-1073741773.00"
                 Moneda="AED" TipCamb="50.00000"/>
        </PLZ:Transaccion>
        <PLZ:Transaccion NumCta="NumCta1" DesCta="DesCta1" Concepto="Concepto2" Debe="-1073741773.00" Haber="-1073741773.00">
            <PLZ:CompNal UUID_CFDI="00000000-0000-0000-0000-000000000000" RFC="&amp;&amp;&amp;000000000" MontoTotal="-1073741773.00"
                 Moneda="AED" TipCamb="50.00000"/>
            <PLZ:CompNal UUID_CFDI="00000000-0000-0000-0000-000000000000" RFC="&amp;&amp;&amp;000000000" MontoTotal="-1073741773.00"
                 Moneda="AED" TipCamb="50.00000"/>
            <PLZ:CompNalOtr CFD_CBB_Serie="A" CFD_CBB_NumFol="50" RFC="&amp;&amp;&amp;000000000" MontoTotal="-1073741773.00" Moneda="AED"
                 TipCamb="50.00000"/>
            <PLZ:CompNalOtr CFD_CBB_Serie="A" CFD_CBB_NumFol="50" RFC="&amp;&amp;&amp;000000000" MontoTotal="-1073741773.00" Moneda="AED"
                 TipCamb="50.00000"/>
            <PLZ:CompExt NumFactExt="NumFactExt2" TaxID="TaxID2" MontoTotal="-1073741773.00" Moneda="AED" TipCamb="50.00000"/>
            <PLZ:CompExt NumFactExt="NumFactExt3" TaxID="TaxID3" MontoTotal="-1073741773.00" Moneda="AED" TipCamb="50.00000"/>
            <PLZ:Cheque Num="Num2" BanEmisNal="002" BanEmisExt="BanEmisExt2" CtaOri="CtaOri4" Fecha="2006-05-04" Benef="Benef6"
                 RFC="&amp;&amp;&amp;000000000" Monto="-1073741773.00" Moneda="AED" TipCamb="50.00000"/>
            <PLZ:Cheque Num="Num3" BanEmisNal="002" BanEmisExt="BanEmisExt3" CtaOri="CtaOri5" Fecha="2006-05-04" Benef="Benef7"
                 RFC="&amp;&amp;&amp;000000000" Monto="-1073741773.00" Moneda="AED" TipCamb="50.00000"/>
            <PLZ:Transferencia CtaOri="CtaOri6" BancoOriNal="002" BancoOriExt="BancoOriExt2" CtaDest="CtaDest2" BancoDestNal="002"
                 BancoDestExt="BancoDestExt2" Fecha="2006-05-04" Benef="Benef8" RFC="&amp;&amp;&amp;000000000"
                 Monto="-1073741773.00" Moneda="AED" TipCamb="50.00000"/>
            <PLZ:Transferencia CtaOri="CtaOri7" BancoOriNal="002" BancoOriExt="BancoOriExt3" CtaDest="CtaDest3" BancoDestNal="002"
                 BancoDestExt="BancoDestExt3" Fecha="2006-05-04" Benef="Benef9" RFC="&amp;&amp;&amp;000000000"
                 Monto="-1073741773.00" Moneda="AED" TipCamb="50.00000"/>
            <PLZ:OtrMetodoPago MetPagoPol="01" Fecha="2006-05-04" Benef="Benef10" RFC="&amp;&amp;&amp;000000000" Monto="-1073741773.00"
                 Moneda="AED" TipCamb="50.00000"/>
            <PLZ:OtrMetodoPago MetPagoPol="01" Fecha="2006-05-04" Benef="Benef11" RFC="&amp;&amp;&amp;000000000" Monto="-1073741773.00"
                 Moneda="AED" TipCamb="50.00000"/>
        </PLZ:Transaccion>
    </PLZ:Poliza>
    <PLZ:Poliza NumUnIdenPol="NumUnIdenPol1" Fecha="2006-05-04" Concepto="Concepto3">
        <PLZ:Transaccion NumCta="NumCta2" DesCta="DesCta2" Concepto="Concepto4" Debe="-1073741773.00" Haber="-1073741773.00">
            <PLZ:CompNal UUID_CFDI="00000000-0000-0000-0000-000000000000" RFC="&amp;&amp;&amp;000000000" MontoTotal="-1073741773.00"
                 Moneda="AED" TipCamb="50.00000"/>
            <PLZ:CompNal UUID_CFDI="00000000-0000-0000-0000-000000000000" RFC="&amp;&amp;&amp;000000000" MontoTotal="-1073741773.00"
                 Moneda="AED" TipCamb="50.00000"/>
            <PLZ:CompNalOtr CFD_CBB_Serie="A" CFD_CBB_NumFol="50" RFC="&amp;&amp;&amp;000000000" MontoTotal="-1073741773.00" Moneda="AED"
                 TipCamb="50.00000"/>
            <PLZ:CompNalOtr CFD_CBB_Serie="A" CFD_CBB_NumFol="50" RFC="&amp;&amp;&amp;000000000" MontoTotal="-1073741773.00" Moneda="AED"
                 TipCamb="50.00000"/>
            <PLZ:CompExt NumFactExt="NumFactExt4" TaxID="TaxID4" MontoTotal="-1073741773.00" Moneda="AED" TipCamb="50.00000"/>
            <PLZ:CompExt NumFactExt="NumFactExt5" TaxID="TaxID5" MontoTotal="-1073741773.00" Moneda="AED" TipCamb="50.00000"/>
            <PLZ:Cheque Num="Num4" BanEmisNal="002" BanEmisExt="BanEmisExt4" CtaOri="CtaOri8" Fecha="2006-05-04" Benef="Benef12"
                 RFC="&amp;&amp;&amp;000000000" Monto="-1073741773.00" Moneda="AED" TipCamb="50.00000"/>
            <PLZ:Cheque Num="Num5" BanEmisNal="002" BanEmisExt="BanEmisExt5" CtaOri="CtaOri9" Fecha="2006-05-04" Benef="Benef13"
                 RFC="&amp;&amp;&amp;000000000" Monto="-1073741773.00" Moneda="AED" TipCamb="50.00000"/>
            <PLZ:Transferencia CtaOri="CtaOri10" BancoOriNal="002" BancoOriExt="BancoOriExt4" CtaDest="CtaDest4" BancoDestNal="002"
                 BancoDestExt="BancoDestExt4" Fecha="2006-05-04" Benef="Benef14" RFC="&amp;&amp;&amp;000000000"
                 Monto="-1073741773.00" Moneda="AED" TipCamb="50.00000"/>
            <PLZ:Transferencia CtaOri="CtaOri11" BancoOriNal="002" BancoOriExt="BancoOriExt5" CtaDest="CtaDest5" BancoDestNal="002"
                 BancoDestExt="BancoDestExt5" Fecha="2006-05-04" Benef="Benef15" RFC="&amp;&amp;&amp;000000000"
                 Monto="-1073741773.00" Moneda="AED" TipCamb="50.00000"/>
            <PLZ:OtrMetodoPago MetPagoPol="01" Fecha="2006-05-04" Benef="Benef16" RFC="&amp;&amp;&amp;000000000" Monto="-1073741773.00"
                 Moneda="AED" TipCamb="50.00000"/>
            <PLZ:OtrMetodoPago MetPagoPol="01" Fecha="2006-05-04" Benef="Benef17" RFC="&amp;&amp;&amp;000000000" Monto="-1073741773.00"
                 Moneda="AED" TipCamb="50.00000"/>
        </PLZ:Transaccion>
        <PLZ:Transaccion NumCta="NumCta3" DesCta="DesCta3" Concepto="Concepto5" Debe="-1073741773.00" Haber="-1073741773.00">
            <PLZ:CompNal UUID_CFDI="00000000-0000-0000-0000-000000000000" RFC="&amp;&amp;&amp;000000000" MontoTotal="-1073741773.00"
                 Moneda="AED" TipCamb="50.00000"/>
            <PLZ:CompNal UUID_CFDI="00000000-0000-0000-0000-000000000000" RFC="&amp;&amp;&amp;000000000" MontoTotal="-1073741773.00"
                 Moneda="AED" TipCamb="50.00000"/>
            <PLZ:CompNalOtr CFD_CBB_Serie="A" CFD_CBB_NumFol="50" RFC="&amp;&amp;&amp;000000000" MontoTotal="-1073741773.00" Moneda="AED"
                 TipCamb="50.00000"/>
            <PLZ:CompNalOtr CFD_CBB_Serie="A" CFD_CBB_NumFol="50" RFC="&amp;&amp;&amp;000000000" MontoTotal="-1073741773.00" Moneda="AED"
                 TipCamb="50.00000"/>
            <PLZ:CompExt NumFactExt="NumFactExt6" TaxID="TaxID6" MontoTotal="-1073741773.00" Moneda="AED" TipCamb="50.00000"/>
            <PLZ:CompExt NumFactExt="NumFactExt7" TaxID="TaxID7" MontoTotal="-1073741773.00" Moneda="AED" TipCamb="50.00000"/>
            <PLZ:Cheque Num="Num6" BanEmisNal="002" BanEmisExt="BanEmisExt6" CtaOri="CtaOri12" Fecha="2006-05-04" Benef="Benef18"
                 RFC="&amp;&amp;&amp;000000000" Monto="-1073741773.00" Moneda="AED" TipCamb="50.00000"/>
            <PLZ:Cheque Num="Num7" BanEmisNal="002" BanEmisExt="BanEmisExt7" CtaOri="CtaOri13" Fecha="2006-05-04" Benef="Benef19"
                 RFC="&amp;&amp;&amp;000000000" Monto="-1073741773.00" Moneda="AED" TipCamb="50.00000"/>
            <PLZ:Transferencia CtaOri="CtaOri14" BancoOriNal="002" BancoOriExt="BancoOriExt6" CtaDest="CtaDest6" BancoDestNal="002"
                 BancoDestExt="BancoDestExt6" Fecha="2006-05-04" Benef="Benef20" RFC="&amp;&amp;&amp;000000000"
                 Monto="-1073741773.00" Moneda="AED" TipCamb="50.00000"/>
            <PLZ:Transferencia CtaOri="CtaOri15" BancoOriNal="002" BancoOriExt="BancoOriExt7" CtaDest="CtaDest7" BancoDestNal="002"
                 BancoDestExt="BancoDestExt7" Fecha="2006-05-04" Benef="Benef21" RFC="&amp;&amp;&amp;000000000"
                 Monto="-1073741773.00" Moneda="AED" TipCamb="50.00000"/>
            <PLZ:OtrMetodoPago MetPagoPol="01" Fecha="2006-05-04" Benef="Benef22" RFC="&amp;&amp;&amp;000000000" Monto="-1073741773.00"
                 Moneda="AED" TipCamb="50.00000"/>
            <PLZ:OtrMetodoPago MetPagoPol="01" Fecha="2006-05-04" Benef="Benef23" RFC="&amp;&amp;&amp;000000000" Monto="-1073741773.00"
                 Moneda="AED" TipCamb="50.00000"/>
        </PLZ:Transaccion>
    </PLZ:Poliza>
</PLZ:Polizas>
