<?xml version='1.0' encoding='UTF-8'?>
<AuxiliarCtas:AuxiliarCtas xmlns:AuxiliarCtas="http://www.sat.gob.mx/esquemas/ContabilidadE/1_3/AuxiliarCtas" Version="1.3" RFC="CACX7605101P8" Mes="02" Anio="2024" TipoSolicitud="AF">
  <AuxiliarCtas:Cuenta NumCta="1020.01" DesCta="Bancos Nacionales" SaldoIni="0" SaldoFin="10000">
    <AuxiliarCtas:DetalleAux Fecha="2024-02-01" NumUnIdenPol="1" Concepto="Compra de equipo de computo Nal" Debe="10000" Haber="0"/>
  </AuxiliarCtas:Cuenta>
  <AuxiliarCtas:Cuenta NumCta="1020.02" DesCta="Bancos Extranjeros" SaldoIni="0" SaldoFin="-10000">
    <AuxiliarCtas:DetalleAux Fecha="2024-02-01" NumUnIdenPol="1" Concepto="Compra de equipo de computo Ext" Debe="0" Haber="10000"/>
  </AuxiliarCtas:Cuenta>
</AuxiliarCtas:AuxiliarCtas>
